@online{IpBondTax,
  author = {Investopedia},
  title = {Taxation Rules for Bond Investors},
  year = 2021,
  url = {https://www.investopedia.com/articles/tax/08/bond-tax.asp},
}

@online{EmFund,
  author = {The Balance},
  title = {It's Time to Build a Better Emergency Fund},
  year = 2022,
  url = {https://www.thebalance.com/how-to-build-a-better-emergency-fund-4154331},
}

@online{RothIra,
  author = {Investopedia},
  title = {Early Withdrawal Penalties for Traditional and Roth IRAs},
  year = 2021,
  url = {https://www.investopedia.com/ask/answers/082515/how-do-you-calculate-penalties-ira-or-roth-ira-early-withdrawal.asp#:~:text=Early%20withdrawals%20of%20earnings%20},
  urldate = {2021-1-31}
}

@online{SavingAcc,
  author = {NerdWallet},
  title = {6 Best Savings Accounts of March 2022},
  year = 2022,
  url = {https://www.nerdwallet.com/best/banking/savings-accounts},
}

@online{APR,
    author = {Consumer Financial Protection Bureau},
    title = {What is the difference between an interest rate and the Annual Percentage Rate (APR) in an auto loan?},
    year = 2020,
    url = {https://www.consumerfinance.gov/ask-cfpb/what-is-the-difference-between-an-interest-rate-and-the-annual-percentage-rate-apr-in-an-auto-loan-en-733/}
}

@online{mortgate,
    author = {Bankrate},
    title = {Mortgage annual percentage rate calculator},
    year = 2022,
    url = {https://www.bankrate.com/mortgages/mortgage-apr-calculator/}
}

@online{lifeinsurance,
    author = {Allstate},
    title = {Online Insurance Quoting and Bundling},
    year = 2022,
    url = {https://purchase.allstate.com/onlineshopping/quotes/summary}
}

@online{car,
    author = {Kelley Blue Book},
    title = {2007 Toyota Avalon Values Cars for Sale},
    year = 2022,
    url = {https://www.kbb.com/toyota/avalon/2007/}
}

@online{insurance,
    author = {HMO},
    title = {Ambetter Essential Care 2 HSA + Vision + Adult Dental},
    year = 2022,
    url = {https://www.healthsherpa.com/states/arizona-obamacare-aca/91450AZ0180037-ambetter-essential-care-2-hsa-2021-vision-adult-dental}
}

@online{savingacc,
    author = {Capital One},
    title = {Online Savings Account: 360 Performance Savings},
    year = 2022,
    url = {https://www.capitalone.com/bank/savings-accounts/online-performance-savings-account/}
}